[gd_scene load_steps=30 format=3 uid="uid://ni7il2yii47k"]

[ext_resource type="PackedScene" uid="uid://cj6g750ve4yjk" path="res://enemies/base/enemy.tscn" id="1_tdjm7"]
[ext_resource type="Script" path="res://enemies/sniper_drone.gd" id="2_j7jcf"]
[ext_resource type="Script" path="res://skills/base/hurtbox.gd" id="4_jod1i"]
[ext_resource type="Texture2D" uid="uid://dm1cq5d0pw5xg" path="res://assets/sprites/Enemy_SniperDrone-legs.png" id="4_xickv"]
[ext_resource type="Texture2D" uid="uid://c361xktw3s16a" path="res://assets/sprites/Enemy_SniperDrone-head.png" id="5_duj8w"]
[ext_resource type="Script" path="res://skills/base/hitbox_area.gd" id="5_inhd2"]
[ext_resource type="Texture2D" uid="uid://c53bwjkwyhtp3" path="res://assets/sprites/weapons/Rifle/Weapon_RifleShot_Orange.png" id="5_jbwvm"]

[sub_resource type="AtlasTexture" id="AtlasTexture_bv3f4"]
atlas = ExtResource("4_xickv")
region = Rect2(0, 0, 32, 48)

[sub_resource type="AtlasTexture" id="AtlasTexture_01tr0"]
atlas = ExtResource("4_xickv")
region = Rect2(32, 0, 32, 48)

[sub_resource type="AtlasTexture" id="AtlasTexture_g2j76"]
atlas = ExtResource("4_xickv")
region = Rect2(64, 0, 32, 48)

[sub_resource type="AtlasTexture" id="AtlasTexture_tplex"]
atlas = ExtResource("4_xickv")
region = Rect2(96, 0, 32, 48)

[sub_resource type="AtlasTexture" id="AtlasTexture_jg1gb"]
atlas = ExtResource("4_xickv")
region = Rect2(128, 0, 32, 48)

[sub_resource type="AtlasTexture" id="AtlasTexture_t4jb4"]
atlas = ExtResource("4_xickv")
region = Rect2(160, 0, 32, 48)

[sub_resource type="SpriteFrames" id="SpriteFrames_okdg1"]
animations = [{
"frames": [{
"duration": 1.0,
"texture": SubResource("AtlasTexture_bv3f4")
}, {
"duration": 1.0,
"texture": SubResource("AtlasTexture_01tr0")
}, {
"duration": 1.0,
"texture": SubResource("AtlasTexture_g2j76")
}, {
"duration": 1.0,
"texture": SubResource("AtlasTexture_tplex")
}, {
"duration": 1.0,
"texture": SubResource("AtlasTexture_jg1gb")
}, {
"duration": 1.0,
"texture": SubResource("AtlasTexture_t4jb4")
}],
"loop": true,
"name": &"default",
"speed": 12.0
}]

[sub_resource type="AtlasTexture" id="AtlasTexture_ci2ua"]
atlas = ExtResource("5_duj8w")
region = Rect2(0, 0, 32, 48)

[sub_resource type="AtlasTexture" id="AtlasTexture_omfvs"]
atlas = ExtResource("5_duj8w")
region = Rect2(32, 0, 32, 48)

[sub_resource type="AtlasTexture" id="AtlasTexture_redns"]
atlas = ExtResource("5_duj8w")
region = Rect2(64, 0, 32, 48)

[sub_resource type="AtlasTexture" id="AtlasTexture_iyp80"]
atlas = ExtResource("5_duj8w")
region = Rect2(96, 0, 32, 48)

[sub_resource type="AtlasTexture" id="AtlasTexture_1ee51"]
atlas = ExtResource("5_duj8w")
region = Rect2(128, 0, 32, 48)

[sub_resource type="AtlasTexture" id="AtlasTexture_a4pqa"]
atlas = ExtResource("5_duj8w")
region = Rect2(160, 0, 32, 48)

[sub_resource type="SpriteFrames" id="SpriteFrames_fv2ok"]
animations = [{
"frames": [{
"duration": 1.0,
"texture": SubResource("AtlasTexture_ci2ua")
}, {
"duration": 1.0,
"texture": SubResource("AtlasTexture_omfvs")
}, {
"duration": 1.0,
"texture": SubResource("AtlasTexture_redns")
}, {
"duration": 1.0,
"texture": SubResource("AtlasTexture_iyp80")
}, {
"duration": 1.0,
"texture": SubResource("AtlasTexture_1ee51")
}, {
"duration": 1.0,
"texture": SubResource("AtlasTexture_a4pqa")
}],
"loop": true,
"name": &"default",
"speed": 12.0
}]

[sub_resource type="AtlasTexture" id="AtlasTexture_74bav"]
atlas = ExtResource("5_jbwvm")
region = Rect2(0, 0, 49, 42)

[sub_resource type="AtlasTexture" id="AtlasTexture_d2g0h"]
atlas = ExtResource("5_jbwvm")
region = Rect2(49, 0, 49, 42)

[sub_resource type="AtlasTexture" id="AtlasTexture_jnhrn"]
atlas = ExtResource("5_jbwvm")
region = Rect2(98, 0, 49, 42)

[sub_resource type="AtlasTexture" id="AtlasTexture_8cpmg"]
atlas = ExtResource("5_jbwvm")
region = Rect2(147, 0, 49, 42)

[sub_resource type="SpriteFrames" id="SpriteFrames_rcyte"]
animations = [{
"frames": [{
"duration": 1.0,
"texture": null
}, {
"duration": 3.0,
"texture": SubResource("AtlasTexture_74bav")
}, {
"duration": 1.0,
"texture": SubResource("AtlasTexture_d2g0h")
}, {
"duration": 1.0,
"texture": SubResource("AtlasTexture_jnhrn")
}, {
"duration": 1.0,
"texture": SubResource("AtlasTexture_8cpmg")
}, {
"duration": 1.0,
"texture": null
}],
"loop": false,
"name": &"default",
"speed": 24.0
}]

[sub_resource type="RectangleShape2D" id="RectangleShape2D_ty0mv"]
size = Vector2(16, 32)

[sub_resource type="GDScript" id="GDScript_q0msh"]
script/source = "extends Marker2D

var target = null
var radius = 10
const bullet_length = 40

func _draw() -> void:
	if not target:
		return
	var target_local_pos = to_local(target.global_position) + Vector2(randf_range(-1,1), randf_range(-1,1))
	var color = Color(2, 0.1799999922514, 0, 0.75)
	draw_line(Vector2.ZERO, target_local_pos, color, 0.5, true)
	draw_arc(target_local_pos, radius, 0, TAU, 16, color , 0.5, true)
	if radius <= 2:
		var direction = Vector2.ZERO.direction_to(target_local_pos)
		var start_pos = lerp(target_local_pos, Vector2.ZERO, radius / 2.0)
		draw_line(start_pos, start_pos + direction * bullet_length, Color.WHITE, 2.0, true)
"

[sub_resource type="CircleShape2D" id="CircleShape2D_oqh6p"]
radius = 240.0

[node name="SniperDrone" instance=ExtResource("1_tdjm7")]
script = ExtResource("2_j7jcf")
DAMAGE = 30
FLEE_RANGE = 160.0
MAX_HP = 20
SPEED = 96.0
ATTACK_RANGE = 480.0
HEALTHBAR_VISIBLE = true
type = 1

[node name="visuals" parent="." index="0"]
position = Vector2(0, -26)

[node name="tentacles" type="AnimatedSprite2D" parent="visuals" index="0"]
sprite_frames = SubResource("SpriteFrames_okdg1")
autoplay = "default"

[node name="sprite" type="AnimatedSprite2D" parent="visuals" index="1"]
sprite_frames = SubResource("SpriteFrames_fv2ok")
autoplay = "default"

[node name="shot_fx" type="AnimatedSprite2D" parent="visuals/sprite" index="0"]
position = Vector2(-7, -5)
scale = Vector2(2, 2)
sprite_frames = SubResource("SpriteFrames_rcyte")
frame = 5
frame_progress = 1.0
offset = Vector2(-15, 1)
flip_h = true

[node name="hurtbox" type="Area2D" parent="visuals" index="2"]
visible = false
position = Vector2(0, -9)
collision_layer = 4
collision_mask = 0
input_pickable = false
monitoring = false
script = ExtResource("4_jod1i")

[node name="CollisionShape2D" type="CollisionShape2D" parent="visuals/hurtbox" index="0"]
position = Vector2(0, 6)
shape = SubResource("RectangleShape2D_ty0mv")

[node name="targeting_ray" type="Marker2D" parent="visuals" index="3"]
position = Vector2(-5, -6)
script = SubResource("GDScript_q0msh")

[node name="hp_bar" parent="." index="1"]
position = Vector2(0, 5)

[node name="StatusEffect" parent="." index="3"]
position = Vector2(0, -52)

[node name="attack_area" type="Area2D" parent="." index="4"]
position = Vector2(-5, -31)
collision_mask = 2
monitorable = false
script = ExtResource("5_inhd2")

[node name="collision" type="CollisionShape2D" parent="attack_area" index="0"]
shape = SubResource("CircleShape2D_oqh6p")

[node name="attack_timer" type="Timer" parent="." index="5"]
wait_time = 3.0
autostart = true

[connection signal="target_acquired" from="attack_area" to="." method="_on_attack_area_target_acquired"]
[connection signal="target_lost" from="attack_area" to="." method="_on_attack_area_target_lost"]
[connection signal="timeout" from="attack_timer" to="." method="_on_attack_timer_timeout"]
