[gd_scene load_steps=27 format=3 uid="uid://bts0wquyob4d7"]

[ext_resource type="PackedScene" uid="uid://divuyshaxhcws" path="res://skills/base/skill.tscn" id="1_yvq8x"]
[ext_resource type="Script" path="res://skills/rifle.gd" id="2_gm1c6"]
[ext_resource type="PackedScene" uid="uid://tos1cw44dhkb" path="res://skills/base/bullet.tscn" id="3_prwrm"]
[ext_resource type="Texture2D" uid="uid://uu1pcpsmgjk8" path="res://assets/sprites/Weaponselector1.png" id="4_2phsa"]
[ext_resource type="Texture2D" uid="uid://c53bwjkwyhtp3" path="res://assets/sprites/weapons/Rifle/Weapon_RifleShot_Orange.png" id="5_sb4aa"]
[ext_resource type="Texture2D" uid="uid://8lad7wvur3cg" path="res://assets/sprites/weapons/Rifle/Weapon_RifleShot_Green.png" id="6_it08r"]
[ext_resource type="Texture2D" uid="uid://dxaoqq1x0kgmy" path="res://assets/sprites/weapons/Rifle/Weapon_RifleShot_Yellow.png" id="8_nutq1"]
[ext_resource type="Texture2D" uid="uid://bw4savig7mha6" path="res://assets/sprites/weapons/Rifle/Weapon_RifleShot_White.png" id="9_pjwf6"]

[sub_resource type="AtlasTexture" id="AtlasTexture_ugtlo"]
atlas = ExtResource("4_2phsa")
region = Rect2(46, 0, 14, 20)

[sub_resource type="AtlasTexture" id="AtlasTexture_2ahox"]
atlas = ExtResource("5_sb4aa")
region = Rect2(0, 0, 49, 42)

[sub_resource type="AtlasTexture" id="AtlasTexture_gstem"]
atlas = ExtResource("5_sb4aa")
region = Rect2(49, 0, 49, 42)

[sub_resource type="AtlasTexture" id="AtlasTexture_r538k"]
atlas = ExtResource("5_sb4aa")
region = Rect2(98, 0, 49, 42)

[sub_resource type="AtlasTexture" id="AtlasTexture_f6rni"]
atlas = ExtResource("5_sb4aa")
region = Rect2(147, 0, 49, 42)

[sub_resource type="AtlasTexture" id="AtlasTexture_p0qv4"]
atlas = ExtResource("6_it08r")
region = Rect2(0, 0, 49, 42)

[sub_resource type="AtlasTexture" id="AtlasTexture_1afi7"]
atlas = ExtResource("6_it08r")
region = Rect2(49, 0, 49, 42)

[sub_resource type="AtlasTexture" id="AtlasTexture_0g158"]
atlas = ExtResource("6_it08r")
region = Rect2(98, 0, 49, 42)

[sub_resource type="AtlasTexture" id="AtlasTexture_t5kpo"]
atlas = ExtResource("6_it08r")
region = Rect2(147, 0, 49, 42)

[sub_resource type="AtlasTexture" id="AtlasTexture_kcf73"]
atlas = ExtResource("9_pjwf6")
region = Rect2(0, 0, 49, 42)

[sub_resource type="AtlasTexture" id="AtlasTexture_prm35"]
atlas = ExtResource("9_pjwf6")
region = Rect2(49, 0, 49, 42)

[sub_resource type="AtlasTexture" id="AtlasTexture_o7pvi"]
atlas = ExtResource("9_pjwf6")
region = Rect2(98, 0, 49, 42)

[sub_resource type="AtlasTexture" id="AtlasTexture_8oqpf"]
atlas = ExtResource("9_pjwf6")
region = Rect2(147, 0, 49, 42)

[sub_resource type="AtlasTexture" id="AtlasTexture_ur7la"]
atlas = ExtResource("8_nutq1")
region = Rect2(0, 0, 49, 42)

[sub_resource type="AtlasTexture" id="AtlasTexture_mmtmb"]
atlas = ExtResource("8_nutq1")
region = Rect2(49, 0, 49, 42)

[sub_resource type="AtlasTexture" id="AtlasTexture_n0jrx"]
atlas = ExtResource("8_nutq1")
region = Rect2(98, 0, 49, 42)

[sub_resource type="AtlasTexture" id="AtlasTexture_pd8o2"]
atlas = ExtResource("8_nutq1")
region = Rect2(147, 0, 49, 42)

[sub_resource type="SpriteFrames" id="SpriteFrames_5pwes"]
animations = [{
"frames": [{
"duration": 1.0,
"texture": SubResource("AtlasTexture_2ahox")
}, {
"duration": 1.0,
"texture": SubResource("AtlasTexture_gstem")
}, {
"duration": 1.0,
"texture": SubResource("AtlasTexture_r538k")
}, {
"duration": 1.0,
"texture": SubResource("AtlasTexture_f6rni")
}],
"loop": false,
"name": &"blazing",
"speed": 30.0
}, {
"frames": [{
"duration": 1.0,
"texture": SubResource("AtlasTexture_p0qv4")
}, {
"duration": 1.0,
"texture": SubResource("AtlasTexture_1afi7")
}, {
"duration": 1.0,
"texture": SubResource("AtlasTexture_0g158")
}, {
"duration": 1.0,
"texture": SubResource("AtlasTexture_t5kpo")
}],
"loop": false,
"name": &"corrosion",
"speed": 30.0
}, {
"frames": [{
"duration": 1.0,
"texture": SubResource("AtlasTexture_kcf73")
}, {
"duration": 1.0,
"texture": SubResource("AtlasTexture_prm35")
}, {
"duration": 1.0,
"texture": SubResource("AtlasTexture_o7pvi")
}, {
"duration": 1.0,
"texture": SubResource("AtlasTexture_8oqpf")
}],
"loop": false,
"name": &"cryo",
"speed": 30.0
}, {
"frames": [{
"duration": 1.0,
"texture": SubResource("AtlasTexture_ur7la")
}, {
"duration": 1.0,
"texture": SubResource("AtlasTexture_mmtmb")
}, {
"duration": 1.0,
"texture": SubResource("AtlasTexture_n0jrx")
}, {
"duration": 1.0,
"texture": SubResource("AtlasTexture_pd8o2")
}],
"loop": false,
"name": &"normal",
"speed": 30.0
}]

[node name="rifle" instance=ExtResource("1_yvq8x")]
script = ExtResource("2_gm1c6")
bullet_scene = ExtResource("3_prwrm")
BULLET_DAMAGE = 5
BULLET_SPEED = 1000
ICON = SubResource("AtlasTexture_ugtlo")

[node name="spawnpoint" type="Marker2D" parent="." index="1"]
position = Vector2(16, -3)

[node name="sprite" type="AnimatedSprite2D" parent="spawnpoint" index="0"]
sprite_frames = SubResource("SpriteFrames_5pwes")
animation = &"normal"
offset = Vector2(15.1446, 0.35258)

[node name="dmg_up" type="Timer" parent="." index="2"]
autostart = true
