[gd_scene load_steps=9 format=3 uid="uid://ca8wjyvqtrfjt"]

[ext_resource type="Script" path="res://fx/spawn/spawn.gd" id="1_l4ynd"]
[ext_resource type="PackedScene" uid="uid://ba3lrq3tbk1ee" path="res://fx/shadow.tscn" id="2_uljgl"]
[ext_resource type="Texture2D" uid="uid://dpxlcqjxwug8q" path="res://assets/sprites/VFX_DustCloudwShockwave.png" id="3_b8u6h"]

[sub_resource type="AtlasTexture" id="AtlasTexture_agv47"]
atlas = ExtResource("3_b8u6h")
region = Rect2(0, 0, 96, 32)

[sub_resource type="AtlasTexture" id="AtlasTexture_c3i0t"]
atlas = ExtResource("3_b8u6h")
region = Rect2(96, 0, 96, 32)

[sub_resource type="AtlasTexture" id="AtlasTexture_4jtr3"]
atlas = ExtResource("3_b8u6h")
region = Rect2(192, 0, 96, 32)

[sub_resource type="AtlasTexture" id="AtlasTexture_yw7xa"]
atlas = ExtResource("3_b8u6h")
region = Rect2(288, 0, 96, 32)

[sub_resource type="SpriteFrames" id="SpriteFrames_yqgcr"]
animations = [{
"frames": [{
"duration": 1.0,
"texture": null
}, {
"duration": 1.0,
"texture": SubResource("AtlasTexture_agv47")
}, {
"duration": 1.0,
"texture": SubResource("AtlasTexture_c3i0t")
}, {
"duration": 1.0,
"texture": SubResource("AtlasTexture_4jtr3")
}, {
"duration": 1.0,
"texture": SubResource("AtlasTexture_yw7xa")
}, {
"duration": 1.0,
"texture": null
}],
"loop": false,
"name": &"default",
"speed": 24.0
}]

[node name="spawn" type="Node2D"]
script = ExtResource("1_l4ynd")

[node name="shadow" parent="." instance=ExtResource("2_uljgl")]

[node name="splash" type="AnimatedSprite2D" parent="."]
sprite_frames = SubResource("SpriteFrames_yqgcr")
